@misc{cryptoeprint_2021_998,
    author       = {Hanno Becker and
		    Jose Maria Bermudo Mera and
		    Angshuman Karmakar and
		    Joseph Yiu and
		    Ingrid Verbauwhede},
    title        = {Polynomial multiplication on embedded vector architectures},
    howpublished = {Cryptology ePrint Archive, Report 2021/998},
    year         = {2021},
    url          = {https://ia.cr/2021/998},
}